<record><leader>00000cas a22000007a 4500</leader><controlfield tag="001">15987675</controlfield><controlfield tag="008">870616d19131967iauwr ne      0    0eng d</controlfield><controlfield tag="009">5087</controlfield><datafield ind1=" " ind2=" " tag="010"><subfield code="a">sn 87057581 </subfield></datafield><datafield ind1=" " ind2=" " tag="040"><subfield code="a">INP</subfield><subfield code="b">eng</subfield><subfield code="c">INP</subfield><subfield code="d">OCLCQ</subfield></datafield><datafield ind1=" " ind2=" " tag="042"><subfield code="a">msc</subfield></datafield><datafield ind1="0" ind2="4" tag="245"><subfield code="a">The Sioux County index.</subfield></datafield><datafield ind1=" " ind2=" " tag="260"><subfield code="a">Hull, Sioux County, Iowa :</subfield><subfield code="b">C.O. Sawyer,</subfield><subfield code="c">1913-1967.</subfield></datafield><datafield ind1=" " ind2=" " tag="300"><subfield code="a">53 v.</subfield></datafield><datafield ind1=" " ind2=" " tag="310"><subfield code="a">Weekly</subfield></datafield><datafield ind1="0" ind2=" " tag="362"><subfield code="a">Vol. 35, no. 24 (July 18, 1913)-v. 87, no. 40 (Nov. 2, 1967).</subfield></datafield><datafield ind1=" " ind2=" " tag="500"><subfield code="a">Publisher varies.</subfield></datafield><datafield ind1=" " ind2=" " tag="752"><subfield code="a">United States</subfield><subfield code="b">Iowa</subfield><subfield code="c">Sioux</subfield><subfield code="d">Hull.</subfield></datafield><datafield ind1="0" ind2="0" tag="780"><subfield code="t">Hull index</subfield><subfield code="w">(DLC)sn 87057615</subfield></datafield><datafield ind1="0" ind2="7" tag="785"><subfield code="t">Boyden reporter</subfield><subfield code="w">(DLC)sn 87057613</subfield></datafield><datafield ind1="0" ind2="7" tag="785"><subfield code="t">Sioux County index-reporter</subfield><subfield code="w">(DLC)sn 87057582</subfield></datafield></record>